<record><leader>00000cas a22000007a 4500</leader><controlfield tag="001">29678901</controlfield><controlfield tag="008">940125d18761879nyuwr ne      0    0eng d</controlfield><datafield ind1=" " ind2=" " tag="010"><subfield code="a">sn 94057663 </subfield></datafield><datafield ind1=" " ind2=" " tag="040"><subfield code="a">NYS</subfield><subfield code="b">eng</subfield><subfield code="c">NYS</subfield><subfield code="d">OCLCQ</subfield><subfield code="d">OCLCF</subfield><subfield code="d">OCLCO</subfield></datafield><datafield ind1="1" ind2=" " tag="029"><subfield code="a">AU@</subfield><subfield code="b">000025905520</subfield></datafield><datafield ind1=" " ind2=" " tag="042"><subfield code="a">msc</subfield></datafield><datafield ind1=" " ind2=" " tag="043"><subfield code="a">n-us-ny</subfield></datafield><datafield ind1="0" ind2=" " tag="130"><subfield code="a">Hannibal news (Hannibal, N.Y. : 1876)</subfield></datafield><datafield ind1="1" ind2="0" tag="245"><subfield code="a">Hannibal news.</subfield></datafield><datafield ind1=" " ind2=" " tag="260"><subfield code="a">Hannibal, N.Y. :</subfield><subfield code="b">N.B. &amp; C.B. Brower</subfield></datafield><datafield ind1=" " ind2=" " tag="300"><subfield code="a">v.</subfield></datafield><datafield ind1=" " ind2=" " tag="310"><subfield code="a">Weekly</subfield></datafield><datafield ind1="1" ind2=" " tag="362"><subfield code="a">Began in Dec. 1876; ceased in June 1879.</subfield><subfield code="z">Cf. Churchill, J.C. Landmarks of Oswego County N.Y., 1895.</subfield></datafield><datafield ind1=" " ind2=" " tag="588"><subfield code="a">Description based on: Vol. 1, no. 23 (May 23, 1877).</subfield></datafield><datafield ind1=" " ind2="0" tag="651"><subfield code="a">Hannibal (N.Y.)</subfield><subfield code="v">Newspapers.</subfield></datafield><datafield ind1=" " ind2="0" tag="651"><subfield code="a">Oswego County (N.Y.)</subfield><subfield code="v">Newspapers.</subfield></datafield><datafield ind1=" " ind2="7" tag="655"><subfield code="a">Newspapers.</subfield><subfield code="2">fast</subfield><subfield code="0">(OCoLC)fst01423814</subfield></datafield><datafield ind1=" " ind2="7" tag="651"><subfield code="a">New York (State)</subfield><subfield code="z">Hannibal.</subfield><subfield code="2">fast</subfield><subfield code="0">(OCoLC)fst01221614</subfield></datafield><datafield ind1=" " ind2="7" tag="651"><subfield code="a">New York (State)</subfield><subfield code="z">Oswego County.</subfield><subfield code="2">fast</subfield><subfield code="0">(OCoLC)fst01208853</subfield></datafield><datafield ind1=" " ind2=" " tag="752"><subfield code="a">United States</subfield><subfield code="b">New York</subfield><subfield code="c">Oswego</subfield><subfield code="d">Hannibal.</subfield></datafield><datafield ind1="0" ind2="7" tag="785"><subfield code="t">Hannibal reveille</subfield><subfield code="w">(DLC)sn 83031389</subfield><subfield code="w">(OCoLC)9868944</subfield></datafield><datafield ind1="0" ind2="7" tag="785"><subfield code="t">Hannibal news and reveille (Hannibal, N.Y. : 1879)</subfield><subfield code="w">(DLC)sn 94057604</subfield><subfield code="w">(OCoLC)30524228</subfield></datafield></record>